@book{Yoshioka_QHE,
author = {Yoshioka, Daijiro},
year = {2002},
month = {01},
pages = {},
title = {The Quantum Hall Effect},
volume = {133},
doi = {10.1007/978-3-662-05016-3}
}
@book{Kittel2004,
  added-at = {2011-04-14T10:28:42.000+0200},
  asin = {047141526X},
  author = {Kittel, Charles},
  biburl = {https://www.bibsonomy.org/bibtex/2d4e036d9937063fecea5b99c8498cdaf/riche.ma},
  description = {Amazon.com: Introduction to Solid State Physics (9780471415268): Charles Kittel: Books},
  dewey = {530.41},
  ean = {9780471415268},
  edition = 8,
  interhash = {7c425e2261b6584cc1df9c2da6d13331},
  intrahash = {d4e036d9937063fecea5b99c8498cdaf},
  isbn = {9780471415268},
  keywords = {kittel solid_state_physics},
  publisher = {Wiley},
  timestamp = {2011-04-14T10:28:42.000+0200},
  title = {Introduction to Solid State Physics},
  url = {http://www.amazon.com/Introduction-Solid-Physics-Charles-Kittel/dp/047141526X/ref=dp_ob_title_bk},
  year = 2004
}

